@incollection{broadbent-karvonen-2022,
  AUTHOR = { "Broadbent, Anne", "Karvonen, Martti" },
  TITLE = "Categorical composable cryptography",
  BOOKTITLE = "Foundations of software science and computation structures",
  SERIES = "Lecture Notes in Comput. Sci.",
  VOLUME = 13242,
  PAGES = 161--183,
  PUBLISHER = "Springer, Cham",
  YEAR = 2022,
  ISBN = 978-3-030-99253-8,
  DOI = 10.1007/978-3-030-99253-8\_9,
  URL = "https://doi.org/10.1007/978-3-030-99253-8_9",
}

@book{katz-lindell-2014,
  title = "Introduction to Modern Cryptography, Second Edition",
  author = { "Katz, Jonathan.", "Lindell, Yehuda" },
  isbn = 9781466570269,
  lccn = 2014039042,
  series = "Chapman \& Hall/CRC Cryptography and Network Security Series",
  url = "https://books.google.com/books?id=OWZYBQAAQBAJ",
  year = 2014,
  publisher = "Taylor \& Francis",
}
