@article{shazmeen,
	title = {A practical approach for secure internet banking based on
	         cryptography},
	author = {Shazmeen, Syeda Farha and Prasad, Shyam},
	journal = {International Journal of Scientific and Research Publications},
	volume = {2},
	number = {12},
	pages = {1--6},
	year = {2012},
	publisher = {Citeseer},
}

@inproceedings{khelifi,
	title = {Enhancing protection techniques of e-banking security services using
	         open source cryptographic algorithms},
	author = {Khelifi, Adel and Aburrous, Maher and Talib, Manar Abu and Shastry,
	          PVS},
	booktitle = {2013 14th ACIS International Conference on Software Engineering,
	             Artificial Intelligence, Networking and Parallel/Distributed
	             Computing},
	pages = {89--95},
	year = {2013},
	organization = {IEEE},
}

@inproceedings{sharma,
	title = {Enhancing online banking authentication using hybrid cryptographic
	         method},
	author = {Sharma, Neha and Bohra, Brahmdutt},
	booktitle = {2017 3rd International Conference on Computational Intelligence
	             \& Communication Technology (CICT)},
	pages = {1--8},
	year = {2017},
	organization = {IEEE},
}

@inproceedings{yang,
	title = {The security of electronic banking},
	author = {Yang, Yi-Jen},
	booktitle = {Proc. Nat. I International Systems Security Conference},
	pages = {41--52},
	year = {1997},
}

